<?xml version="1.0" encoding="UTF-8"?><collection xmlns="http://www.loc.gov/MARC21/slim"><record><leader>00512nam--2200169-i-4500</leader><controlfield tag="001">000044596</controlfield><controlfield tag="002">20161230</controlfield><controlfield tag="005">20161230201044</controlfield><controlfield tag="008">060222s1000------------r-----000-0-eng-d</controlfield><datafield ind1=" " ind2=" " tag="040"><subfield code="a">IFIN-HH</subfield></datafield><datafield ind1=" " ind2=" " tag="080"><subfield code="a">519.216:51-7:57</subfield></datafield><datafield ind1="1" ind2=" " tag="100"><subfield code="a">Thom, Rene</subfield></datafield><datafield ind1="1" ind2="0" tag="245"><subfield code="a">Structural satability and morphogenesis</subfield><subfield code="b">An outline of a general theory of models</subfield><subfield code="c">Rene Thom</subfield></datafield><datafield ind1=" " ind2=" " tag="260"><subfield code="a">London, The Benjamin/Cummings Publishing Company, Inc., 1975</subfield></datafield><datafield ind1=" " ind2=" " tag="300"><subfield code="a">XXV + 348P</subfield></datafield><datafield ind1=" " ind2=" " tag="852"><subfield code="a">75822</subfield><subfield code="c">519.2</subfield></datafield><datafield ind1=" " ind2=" " tag="CAT"><subfield code="a">Sys</subfield><subfield code="c">20100618</subfield><subfield code="h">092306</subfield></datafield></record></collection>